<record><leader>00000cas a22000007a 4500</leader><controlfield tag="001">12499496</controlfield><controlfield tag="008">850906d18921922mtuwr ne      0    0eng d</controlfield><datafield ind1=" " ind2=" " tag="010"><subfield code="a">sn 85053255 </subfield></datafield><datafield ind1=" " ind2=" " tag="040"><subfield code="a">MTL</subfield><subfield code="b">eng</subfield><subfield code="c">MTL</subfield><subfield code="d">OCLCQ</subfield></datafield><datafield ind1=" " ind2=" " tag="042"><subfield code="a">msc</subfield></datafield><datafield ind1="0" ind2="0" tag="245"><subfield code="a">Madison County monitor.</subfield></datafield><datafield ind1="1" ind2="3" tag="246"><subfield code="a">Twin Bridges monitor</subfield><subfield code="f">Aug. 4-&lt;Nov. 26&gt;, 1920</subfield></datafield><datafield ind1=" " ind2=" " tag="260"><subfield code="a">Pony, Mont. :</subfield><subfield code="b">Monitor Pub. Co.,</subfield><subfield code="c">1892-</subfield></datafield><datafield ind1=" " ind2=" " tag="300"><subfield code="a">v. :</subfield><subfield code="b">ill. ;</subfield><subfield code="c">59 cm.</subfield></datafield><datafield ind1=" " ind2=" " tag="310"><subfield code="a">Weekly</subfield></datafield><datafield ind1="0" ind2=" " tag="362"><subfield code="a">Vol. 1, no. 1 (Apr. 1, 1892)-</subfield></datafield><datafield ind1="1" ind2=" " tag="362"><subfield code="a">Ceased by 1925.</subfield><subfield code="z">Cf. Montana newspaper directories, 1922 &amp; 1925.</subfield></datafield><datafield ind1=" " ind2=" " tag="500"><subfield code="a">Place of publication varies: Pony, Apr. 1, 1892-June 24, 1893; Twin Bridges, July 1, 1893-&lt;Oct. 27, 1922&gt;.</subfield></datafield><datafield ind1=" " ind2=" " tag="752"><subfield code="a">United States</subfield><subfield code="b">Montana</subfield><subfield code="c">Madison</subfield><subfield code="d">Twin Bridges.</subfield></datafield><datafield ind1=" " ind2=" " tag="752"><subfield code="a">United States</subfield><subfield code="b">Montana</subfield><subfield code="c">Madison</subfield><subfield code="d">Pony.</subfield></datafield><datafield ind1="0" ind2="4" tag="785"><subfield code="t">Virginia City times</subfield><subfield code="g">Dec. 26 , 1922</subfield><subfield code="w">(DLC)sn 86075320</subfield></datafield></record>